@article{petersen1896,
  author    = {Carl G. J. Petersen},
  title     = {The Yearly Immigration of Young Plaice into the Limfjord from the German Sea},
  journal   = {Report of the Danish Biological Station},
  year      = {1896},
  volume    = {6},
  pages     = {1--48}
}

@article{sekar1949,
  author    = {C. Chandra Sekar and W. Edwards Deming},
  title     = {On a Method of Estimating Birth and Death Rates and the Extent of Registration},
  journal   = {Journal of the American Statistical Association},
  year      = {1949},
  volume    = {44},
  number    = {245},
  pages     = {101--115}
}

@article{wolter1986coverage,
  author    = {Kirk M. Wolter},
  title     = {Some Coverage Error Models for Census Data},
  journal   = {Journal of the American Statistical Association},
  volume    = {81},
  number    = {394},
  pages     = {338--346},
  year      = {1986},
  publisher = {Taylor \& Francis, Ltd. on behalf of the American Statistical Association},
  doi       = {10.2307/2289222}
}


@book{casella2002statistical,
  title={Statistical Inference},
  author={Casella, George and Berger, Roger L.},
  year={2002},
  publisher={Duxbury Press},
  edition={2nd},
  pages={230--235},
  note={See section on the Delta Method for approximations involving expectations of functions of random variables}
}

@article{lincoln1930,
  author = {Lincoln, F. C.},
  title = {Calculating Waterfowl Abundance on the Basis of Banding Returns},
  journal = {Circular},
  year = {1930},
  volume = {118},
  pages = {1--4},
  publisher = {U.S. Dept. of Agriculture}
}

@article{schnabel1938,
  author = {Schnabel, Z. E.},
  title = {The Estimation of the Total Fish Population of a Lake},
  journal = {American Mathematical Monthly},
  year = {1938},
  volume = {45},
  pages = {348--352}
}

@misc{USCensusBureau_2022, title={2020 Post-Enumeration Survey Estimation Design}, author={US Census Bureau}, year={2022} }

